@book{hernan_ma_causal_2013,
	title = {Causal Inference},
	publisher = {Chapman \& Hall},
	author = {Hernan, MA and Robins, JM},
	year = {2013}
},

@book{rothman_epidemiology_2012,
	address = {New York, {NY}},
	title = {Epidemiology: an introduction},
	isbn = {9780199754557  0199754551},
	shorttitle = {Epidemiology},
	language = {English},
	publisher = {Oxford University Press},
	author = {Rothman, Kenneth J},
	year = {2012}
},

@book{rothman_modern_2008,
	address = {Philadelphia, {PA.}, [etc.]},
	title = {Modern epidemiology},
	isbn = {0781755646 9780781755641},
	language = {English},
	publisher = {Wolters {Kluwer/Lippincott} Williams \& Wilkins},
	author = {Rothman, Kenneth J and Greenland, Sander},
	year = {2008}
}

@article{heitjan_distinguishing_1996,
	title = {Distinguishing {"Missing} at Random" and {"Missing} Completely at Random"},
	volume = {50},
	issn = {00031305},
	url = {http://www.jstor.org/stable/2684656?origin=crossref},
	doi = {10.2307/2684656},
	number = {3},
	urldate = {2013-10-14},
	journal = {The American Statistician},
	author = {Heitjan, Daniel F. and Basu, Srabashi},
	month = aug,
	year = {1996},
	pages = {207},
	file = {Heitjan_Basu_1996_Distinguishing Missing at Random and Missing Completely at Random.pdf:C:\Users\vonholle\AppData\Roaming\Mozilla\Firefox\Profiles\t8tiz6b3.default\zotero\storage\EVP2MSHE\Heitjan_Basu_1996_Distinguishing Missing at Random and Missing Completely at Random.pdf:application/pdf}
}


@book{rothman_modern_1986,
	address = {Boston},
	edition = {1st ed},
	title = {Modern epidemiology},
	isbn = {0316757764},
	lccn = {RA652.2.M3 R67 1986},
	publisher = {Little, Brown},
	author = {Rothman, Kenneth J.},
	year = {1986},
	keywords = {Epidemiology, Research Methodology, Statistical methods}
}